[gd_scene load_steps=8 format=3 uid="uid://byj8yk5puhf1b"]

[ext_resource type="Theme" uid="uid://chfb023111dv6" path="res://Game/menu_theme.tres" id="1_krq11"]
[ext_resource type="Script" path="res://Game/FPS.gd" id="2_trx31"]
[ext_resource type="PackedScene" uid="uid://cm4ll5htupulv" path="res://Game/game.tscn" id="3_nv3br"]

[sub_resource type="ViewportTexture" id="ViewportTexture_06wx5"]
viewport_path = NodePath("GameViewport")

[sub_resource type="Gradient" id="Gradient_h7i5h"]
offsets = PackedFloat32Array(0, 0.3, 0.7, 1)
colors = PackedColorArray(0, 0, 0, 0.54902, 0, 0, 0, 0, 0, 0, 0, 0, 0, 0, 0, 0.54902)
metadata/_snap_enabled = true

[sub_resource type="GradientTexture2D" id="GradientTexture2D_fai7h"]
gradient = SubResource("Gradient_h7i5h")
fill_from = Vector2(1, 0.1)
fill_to = Vector2(0, 1)
metadata/_snap_enabled = true

[sub_resource type="GradientTexture2D" id="GradientTexture2D_dbxng"]
gradient = SubResource("Gradient_h7i5h")
fill_to = Vector2(1, 1)
metadata/_snap_enabled = true

[node name="GameEffects" type="Control"]
layout_mode = 3
anchors_preset = 15
anchor_right = 1.0
anchor_bottom = 1.0
grow_horizontal = 2
grow_vertical = 2

[node name="Modulate" type="Control" parent="."]
modulate = Color(0.25098, 1, 0.32549, 1)
layout_mode = 1
anchors_preset = 15
anchor_right = 1.0
anchor_bottom = 1.0
grow_horizontal = 2
grow_vertical = 2

[node name="GameTexture" type="TextureRect" parent="Modulate"]
texture_filter = 2
layout_mode = 1
anchors_preset = 15
anchor_right = 1.0
anchor_bottom = 1.0
grow_horizontal = 2
grow_vertical = 2
mouse_filter = 2
texture = SubResource("ViewportTexture_06wx5")
expand_mode = 2

[node name="UI" type="Control" parent="Modulate"]
layout_mode = 1
anchors_preset = 15
anchor_right = 1.0
anchor_bottom = 1.0
grow_horizontal = 2
grow_vertical = 2

[node name="Fps" type="Label" parent="Modulate/UI"]
layout_mode = 1
anchors_preset = 1
anchor_left = 1.0
anchor_right = 1.0
offset_left = -216.0
offset_bottom = 48.0
grow_horizontal = 0
theme = ExtResource("1_krq11")
text = "FPS: 120 "
script = ExtResource("2_trx31")

[node name="GameViewport" type="SubViewport" parent="."]
size = Vector2i(2560, 1440)

[node name="Game" parent="GameViewport" instance=ExtResource("3_nv3br")]

[node name="Fade" type="TextureRect" parent="."]
layout_mode = 1
anchors_preset = 15
anchor_right = 1.0
anchor_bottom = 1.0
grow_horizontal = 2
grow_vertical = 2
texture = SubResource("GradientTexture2D_fai7h")

[node name="Fade2" type="TextureRect" parent="."]
layout_mode = 1
anchors_preset = 15
anchor_right = 1.0
anchor_bottom = 1.0
grow_horizontal = 2
grow_vertical = 2
texture = SubResource("GradientTexture2D_dbxng")

[node name="DebuggingTexture" type="TextureRect" parent="."]
visible = false
texture_filter = 2
layout_mode = 1
anchors_preset = 15
anchor_right = 1.0
anchor_bottom = 1.0
grow_horizontal = 2
grow_vertical = 2
texture = SubResource("ViewportTexture_06wx5")
expand_mode = 2

[node name="Fps" type="Label" parent="DebuggingTexture"]
layout_mode = 1
anchors_preset = 1
anchor_left = 1.0
anchor_right = 1.0
offset_left = -216.0
offset_bottom = 48.0
grow_horizontal = 0
theme = ExtResource("1_krq11")
text = "FPS: 120 "
script = ExtResource("2_trx31")
