[gd_scene load_steps=3 format=3 uid="uid://cu4x61c8nsiej"]

[ext_resource type="Theme" uid="uid://chfb023111dv6" path="res://Game/menu_theme.tres" id="1_1ca5c"]
[ext_resource type="Script" path="res://Game/upgrades_menu.gd" id="2_cfb85"]

[node name="UpgradesMenu" type="VBoxContainer" groups=["resettable"]]
anchors_preset = 15
anchor_right = 1.0
anchor_bottom = 1.0
grow_horizontal = 2
grow_vertical = 2
theme = ExtResource("1_1ca5c")
script = ExtResource("2_cfb85")

[node name="Spacer" type="Control" parent="."]
layout_mode = 2
size_flags_vertical = 3

[node name="Options" type="HBoxContainer" parent="."]
layout_mode = 2
size_flags_vertical = 3
size_flags_stretch_ratio = 4.0

[node name="Margin1" type="MarginContainer" parent="Options"]
layout_mode = 2
size_flags_horizontal = 3

[node name="Button" type="Button" parent="Options/Margin1" node_paths=PackedStringArray("shortcut_context")]
layout_mode = 2
focus_neighbor_left = NodePath("../../Margin3/Button")
focus_neighbor_right = NodePath("../../Margin2/Button")
focus_next = NodePath("../../Margin2/Button")
focus_previous = NodePath("../../Margin3/Button")
shortcut_context = NodePath(".")

[node name="VBoxContainer" type="VBoxContainer" parent="Options/Margin1"]
layout_mode = 2
mouse_filter = 2

[node name="Title" type="Label" parent="Options/Margin1/VBoxContainer"]
custom_minimum_size = Vector2(300, 70)
layout_mode = 2
size_flags_vertical = 0
theme = ExtResource("1_1ca5c")
theme_type_variation = &"title"
text = "Upgrade"
horizontal_alignment = 1
vertical_alignment = 2
autowrap_mode = 3

[node name="HSeparator2" type="HSeparator" parent="Options/Margin1/VBoxContainer"]
layout_mode = 2

[node name="Details" type="Label" parent="Options/Margin1/VBoxContainer"]
custom_minimum_size = Vector2(300, 0)
layout_mode = 2
size_flags_vertical = 0
text = "Upgrades One Thing"
horizontal_alignment = 1
autowrap_mode = 3

[node name="Margin2" type="MarginContainer" parent="Options"]
layout_mode = 2
size_flags_horizontal = 3

[node name="Button" type="Button" parent="Options/Margin2" node_paths=PackedStringArray("shortcut_context")]
layout_mode = 2
focus_neighbor_left = NodePath("../../Margin1/Button")
focus_neighbor_right = NodePath("../../Margin3/Button")
focus_next = NodePath("../../Margin3/Button")
focus_previous = NodePath("../../Margin1/Button")
shortcut_context = NodePath(".")

[node name="VBoxContainer" type="VBoxContainer" parent="Options/Margin2"]
layout_mode = 2
mouse_filter = 2

[node name="Title" type="Label" parent="Options/Margin2/VBoxContainer"]
custom_minimum_size = Vector2(300, 70)
layout_mode = 2
size_flags_vertical = 0
theme = ExtResource("1_1ca5c")
theme_type_variation = &"title"
text = "Upgrade"
horizontal_alignment = 1
vertical_alignment = 2
autowrap_mode = 3

[node name="HSeparator2" type="HSeparator" parent="Options/Margin2/VBoxContainer"]
layout_mode = 2

[node name="Details" type="Label" parent="Options/Margin2/VBoxContainer"]
custom_minimum_size = Vector2(300, 0)
layout_mode = 2
size_flags_vertical = 0
text = "Upgrades One Thing"
horizontal_alignment = 1
autowrap_mode = 3

[node name="Margin3" type="MarginContainer" parent="Options"]
layout_mode = 2
size_flags_horizontal = 3

[node name="Button" type="Button" parent="Options/Margin3" node_paths=PackedStringArray("shortcut_context")]
layout_mode = 2
focus_neighbor_left = NodePath("../../Margin2/Button")
focus_neighbor_right = NodePath("../../Margin1/Button")
focus_next = NodePath("../../Margin1/Button")
focus_previous = NodePath("../../Margin2/Button")
shortcut_context = NodePath(".")

[node name="VBoxContainer" type="VBoxContainer" parent="Options/Margin3"]
layout_mode = 2
mouse_filter = 2

[node name="Title" type="Label" parent="Options/Margin3/VBoxContainer"]
custom_minimum_size = Vector2(300, 70)
layout_mode = 2
size_flags_vertical = 0
theme = ExtResource("1_1ca5c")
theme_type_variation = &"title"
text = "Upgrade"
horizontal_alignment = 1
vertical_alignment = 2
autowrap_mode = 3

[node name="HSeparator2" type="HSeparator" parent="Options/Margin3/VBoxContainer"]
layout_mode = 2

[node name="Details" type="Label" parent="Options/Margin3/VBoxContainer"]
custom_minimum_size = Vector2(300, 0)
layout_mode = 2
size_flags_vertical = 0
text = "Upgrades One Thing"
horizontal_alignment = 1
autowrap_mode = 3

[node name="Spacer2" type="Control" parent="."]
layout_mode = 2
size_flags_vertical = 3

[connection signal="pressed" from="Options/Margin1/Button" to="." method="_on_button1_pressed"]
[connection signal="pressed" from="Options/Margin2/Button" to="." method="_on_button2_pressed"]
[connection signal="pressed" from="Options/Margin3/Button" to="." method="_on_button3_pressed"]
