[gd_scene load_steps=11 format=3 uid="uid://dkpxmtkvxt8ui"]

[ext_resource type="Script" path="res://Particles/player_die.gd" id="1_creyo"]
[ext_resource type="Texture2D" uid="uid://cvx4npkdd0frk" path="res://assets/dot.png" id="2_b5atc"]
[ext_resource type="AudioStream" uid="uid://dnsslmombbl7u" path="res://assets/player_ded.wav" id="3_dffe3"]

[sub_resource type="Curve" id="Curve_4uevg"]
_data = [Vector2(0, 1), 0.0, 0.0, 0, 0, Vector2(0.192612, 1), 0.0, -4.0933, 0, 0, Vector2(1, 0), 0.0, 0.0, 0, 0]
point_count = 3

[sub_resource type="CurveTexture" id="CurveTexture_ln4tx"]
curve = SubResource("Curve_4uevg")

[sub_resource type="ParticleProcessMaterial" id="ParticleProcessMaterial_g62hs"]
lifetime_randomness = 0.3
particle_flag_disable_z = true
spread = 180.0
initial_velocity_min = 1600.0
initial_velocity_max = 3200.0
gravity = Vector3(0, 0, 0)
linear_accel_min = -400.0
linear_accel_max = -400.0
alpha_curve = SubResource("CurveTexture_ln4tx")

[sub_resource type="CircleShape2D" id="CircleShape2D_l0khu"]
radius = 1.0

[sub_resource type="Animation" id="Animation_31gpo"]
length = 0.001
tracks/0/type = "value"
tracks/0/imported = false
tracks/0/enabled = true
tracks/0/path = NodePath("CollisionShape2D:shape:radius")
tracks/0/interp = 1
tracks/0/loop_wrap = true
tracks/0/keys = {
"times": PackedFloat32Array(0),
"transitions": PackedFloat32Array(1),
"update": 0,
"values": [1.0]
}

[sub_resource type="Animation" id="Animation_yfucv"]
resource_name = "explode"
length = 2.5
tracks/0/type = "value"
tracks/0/imported = false
tracks/0/enabled = true
tracks/0/path = NodePath("CollisionShape2D:shape:radius")
tracks/0/interp = 1
tracks/0/loop_wrap = true
tracks/0/keys = {
"times": PackedFloat32Array(0, 2.4, 2.5),
"transitions": PackedFloat32Array(1, 1, 1),
"update": 0,
"values": [0.01, 4096.0, 0.01]
}

[sub_resource type="AnimationLibrary" id="AnimationLibrary_qyq1i"]
_data = {
"RESET": SubResource("Animation_31gpo"),
"explode": SubResource("Animation_yfucv")
}

[node name="PlayerExplosion" type="AnimatableBody2D" groups=["gameStart"]]
process_mode = 1
collision_layer = 64
collision_mask = 0
script = ExtResource("1_creyo")

[node name="BangLines" type="GPUParticles2D" parent="."]
emitting = false
amount = 100
process_material = SubResource("ParticleProcessMaterial_g62hs")
lifetime = 5.0
one_shot = true
explosiveness = 1.0
trail_enabled = true

[node name="BangParticles" type="GPUParticles2D" parent="."]
emitting = false
amount = 500
process_material = SubResource("ParticleProcessMaterial_g62hs")
texture = ExtResource("2_b5atc")
lifetime = 5.0
one_shot = true
explosiveness = 1.0

[node name="Sound" type="AudioStreamPlayer2D" parent="."]
stream = ExtResource("3_dffe3")
volume_db = 12.0
max_polyphony = 10
bus = &"Explosions"

[node name="CollisionShape2D" type="CollisionShape2D" parent="."]
shape = SubResource("CircleShape2D_l0khu")

[node name="AnimationPlayer" type="AnimationPlayer" parent="."]
libraries = {
"": SubResource("AnimationLibrary_qyq1i")
}

[connection signal="animation_finished" from="AnimationPlayer" to="." method="_on_animation_player_animation_finished"]
